% Encoding: UTF-8

@Misc{mitx6.832web,
  author       = {Russ Tedrake},
  title        = {MITx6.832x: Official Lecture Website},
  howpublished = {http://underactuated.csail.mit.edu/Spring2019/index.htmltextbook/assignments/videos},
  year         = {2020},
}

@Misc{drake,
  author = {Russ Tedrake and the Drake Development Team},
  title  = {Drake: Model-based design and verification for robotics},
  year   = {2019},
  url    = {https://drake.mit.edu},
}

@Comment{jabref-meta: databaseType:bibtex;}
